@online{a,
  author = {Escuela de Ingeniería de Sistemas y Computación, Universidad del valle},
  title = {Ingeniería de Sistemas},
  url = {https://eisc.univalle.edu.co/index.php/programas-academicos/ingenieria-de-sistemas},
}

@online{b,
  author = {Virginia Gaitán},
  title = {Gamificación: el aprendizaje divertido},
  year = {2013},
  url = {https://www.educativa.com/blog-articulos/gamificacion-el-aprendizaje-divertido/},

}

@online{c,
  author = {Sonmez, J.},
  title = {Soft Skills: The Software Developer's Life Manual.},
  year = {2014},
 url = {},


}

@online{d,
  author = {ESPINOZA Mina, Marcos Antonio and GALLEGOS Barzola, Doris del Pilar},
  title = {Soft skills and their importance of application in the workplace: perspective of students from a private university in Ecuador Revista espacios Vol. 41},
url = {https://www.revistaespacios.com/a20v41n23/20412310.html},
  year = {2020},

}

@online{e,

  title = {La gamificación como estrategia metodológica en el contexto educativo universitario},
  year = {2016},
  url = {http://redicces.org.sv/jspui/handle/10972/3182},
  urldate = {2016}, 
}

@online{f,
  author = {Cornellà, Pere and Estebanell, Meritxell and Brusi, David},
  title = {Gamificación y aprendizaje basado en juegos},
  year = {2020},
  url = {https://raco.cat/index.php/ECT/article/view/372920},
  urldate = {2020},
}


@online{g,
  author = {Wikipedia, La enciclopedia libre},
  title = {Gamification},
  year = {2010},
  url = {https://en.wikipedia.org/wiki/Gamification},

}

@online{h,
  author = {O. Marrero Sánchez, R. M. Amar y J. X. Triadú},
  title = {Habilidades blandas: necesarias para la formación integral del estudiante universitario},
  year = {2018},
url = {https://revistas.ecotec.edu.ec/index.php/ecociencia/article/view/144},

}

@online{i,
  author = {Alberto León Betancourt},
  title = {La metodología de sistemas y la solución de problemas sociales},
  year = {1980},
url = {https://www.icesi.edu.co/revistas/index.php/publicaciones_icesi/article/view/772},

}

@online{j,
  author = {Zepeda Hernández Sergio and Abascal Mena Rocío and López Ornelas Erick},
  title = {INTEGRACIÓN DE GAMIFICACIÓN Y APRENDIZAJE ACTIVO EN EL AULA Ra Ximhai, vol. 12, núm. 6},
  year = {2016},
  url = {https://www.redalyc.org/pdf/461/46148194022.pdf},
}

@online{k,
  author = {Concari, Sonia Beatriz},
  title = {Tecnologías emergentes ¿cuáles usamos?},
  year = {2014},
url = {http://www.lajpe.org/sep14/13_LAJPE_899_Sonia_Concari.pdf},
}

@online{l,
  author = {Helen Colman},
  title = {E-learning: Qué es y cómo funciona, beneficios del e-learning},
  year = {2023},
url = {https://www.ispring.es/blog/what-is-elearning},
}

@online{m,
  author = {Jinette Ugalde Naranjo, Kattia L. Vasconcelos-Vásquez, Betzaida Montero Ulate},
  title = {La gamificación favorece la competencia laboral},
  year = {2021},
url = {https://rabida.uhu.es/dspace/bitstream/handle/10272/21331/Gamificacion.pdf?sequence=2},
}

@online{n,
  author = {Ana María Ortiz Colón, Juan Jordán, Míriam AgredaI},
  title = {Gamificación en educación: Una panorámica sobre el estado de la cuestión },
  year = {2018},
  url = {https://dialnet.unirioja.es/servlet/articulo?codigo=7315128},

}

@online{o,
  author = {DEPARTAMENTO ADMINISTRATIVO DE CIENCIA, TECNOLOGÍA E INNOVACIÓN - COLCIENCIAS},
  title = {CONVOCATORIA CIERRE DE BRECHAS TECNOLÓGICAS},
  year = {2018},
  url = {https://minciencias.gov.co/sites/default/files/upload/convocatoria/anexo_1._technology_readiness_levels_-_trl.pdf},
  urldate = {2018}, 
}

@online{p,
  author = {Sarah Laoyan},
  title = {Scrumban: lo mejor de dos metodologías ágiles},
  year = {2022},
  url = {https://asana.com/es/resources/scrumban},
  urldate = {2022}, 
}

@online{q,
  title = {Glasdoor recorte},
  year = {2023},
  url = {https://www.glassdoor.com/Community/index.htm},

}
@online{1,
  title = {Perspectivas en nutricion humana Escuela de Nutrición y Dietética
de la Universidad de Antioquia
Vol. 21, N.° 1},
  year = {2019},
author= {Teresita Alzate Yepes},
}
@online{2,
  title = {Influencia del deporte y la actividad física en el estado de salud físico y mental},
  year = {2018},
author={Sergio Humberto Barbosa Granados, Ángela María Urrea Cuéllar} ,

}
@online{3,
  title = {Estrategias Gamificación aplicadas a la Educación y a la Salud},
  year = {2014},
  author = {Carina Soledad González González},

}
@online{4,
  title = {Gamificación en Educación Física},
  year = {2019},
  author = {León Díaz Óscar,Martínez Muñoz Luis Fernando, Santos Pastor María Luisa},

}
@online{5,
  title = {Play the Game: gamificación y hábitos saludables en educación física},
  year = {2015},
  author = {Meritxell Monguillot Hernando and Carles González Arévalo and Carles Zurita Mon and Lluís Almirall Batet and Montse Guitert Catasús},
}
@online{6,
  title = {How to win friends and influence people},
  year = {2010},
  author = {Dale Carnegie},

}
@online{7,
  title = {Think and Grow Rich },
  year = {2007},
  author = {Napoleon Hill},

}
@online{8,
  title = {Psycho-Cybernetics},
  year = {1960 and 2002},
  author = {Maxwell Maltz},

}
@online{9,
  title = {Atlas Shrugged},
  year = {1957},
  author = {Ayn Rand},

}
@online{10,
  title = {Del gimnasio al ocio-salud},
  year = {2007},
  author = {Reverter Masià Joaquín, Barbany Cairó Joan Ramon},

}
@online{11,
  title = {Desarrollo de Prototipo de sistema de recomendación para rutina de ejercicio cardiovascular},
  year = {2021},
  author = {Paola Andrea Lenis Franco},

}
@online{12,
  title = {Prototipo de sistema de recomendación para el apoyo a futbolistas amateur en el desarrollo de su entrenamiento deportivo de manera individual},
  year = {2021},
  author = {Marlon Morales Cobo, Jhoan Manuel Vasquez Lenis},

}
@online{13,
  title = {Desarrollo de prototipo de aplicación móvil para entrenamientos fisicos},
  year = {2022},
  author = {Estiven Tapasco Ramirez, Nicolay Velez Solarte},

}
@online{14,
  title = {Meditaciones de marco aurelio},
  year = {1977},
  author = {Escritor original:Marco aurelio , Asesor Griego:Carlos Garcia Gual ,Editor: Sánchez Pacheco},

}
@online{15,
  title = {Sindrome del tunel carpiano},
  year = {2007},
  author = {Fernando Esteban Parra and Luis Horacio Parra and Paola Valeria Tisiottiand Dr. Jose Mateo Wille Bille},

}
@online{16,
  title = {Terapia manual en el síndrome del túnel carpiano.},
  year = {2017},
  author = {Rafael Gaia Zurrido Saiz,
Juan Polanco Torrico},

}
@online{17,
  title = {Efectividad de la movilización neurodinámica en el dolor y funcionalidad en sujetos con síndrome del túnel carpiano: revisión sistemática},
  year = {2018},
  author = {F.Araya-Quintanilla and N.Polanco-Cornejo and A.Cassis-Mahaluf and V.Ramírez-Smith and H.Gutiérrez-Espinoza},

}
@online{18,
  title = {Videojuegos, práctica de actividad física, obesidad y hábitos sedentarios en escolares de entre 10 y 12 años de la provincia de Granada},
  year = {2019},
  author = {Antonio Miguel Lozano-Sánchez and Félix Zurita-Ortega and José Luis Ubago-Jiménez and Pilar Puertas-Molero and Irwin Ramírez-Granizo and Jose Iván Núñez-Quiroga},

}@online{19,
  title = {Motivación del estudiante y los entornos virtuales de aprendizaje (Educación a distancia y ruralidad)},
  year = {2011},
  author = {Nancy Reyes},

}@online{20,
  title = {Experiencias de gamificación en aulas},
  year = {2017},
  author = {Ruth S. Contreras Espinosa
y Jose Luis Eguia (Editores)},

}@online{21,
  title = {Gamificación Como Estrategia De Motivación En La Plataforma Virtual De La Educación Superior Presencial},
  year = {2017},
  author = {Sandra Lucía Simba Paucar},

}@online{22,
  title = {La plataforma kahoot influye en la motivación durante la evaluación en los estudiantes de cuarto grado de primaria de la institución educativa nueva juventud de santa rita de siguas – Arequipa, 2020.},
  year = {2021},
  author = {Huaman Tupa, Hugo Rodidardo},

}@online{23,
  title = {La resiliencia en la educación, la escuela y la vida},
  year = {2015},
  author = {Guadalupe Noriega Aguilar, Braulio Angulo Arjona, Giséle Angulo Noriega},

}@online{24,
  title = {Resiliencia: Impacto Positivo En La Salud Física Y Mental},
  year = {2017},
  author = {Angela Asensio-Martínez, Rosa Magallón-Botaya, Javier García-Campayo},

}@online{25,
  title = {La Sociedad del Espectáculo},
  year = {1967},
  author = {Guy Debord},

}@online{26,
  title = {Soft Skills: The software developer's life manual},
  year = {2015},
  author = {JZ Sonmez},
}
@online{14_1,
  title = {SÍNDROME DEL TÚNEL CARPIANO
PROTOCOLO DE TRATAMIENTO
CONSERVADOR },
  year = {2023},
  author = { Virginia Rivas Marchal },
}